@Article{ABuzdin2005,
	author = {A. I. Buzdin},
	title = {Proximity effects in superconductor-ferromagnet heterostructures},
	year = {2005},
	journal = {Rev. Mod. Phys.},
	volume = {77},
	number = 8,
	pages = {935--976}
}

@PhDThesis{MKemmler2008,
	author = {Matthias Kemmler},
	title  = {Manipulation und Kontrolle von Flussquanten in Supraleitern durch maßgeschneiderte Haftzentren},
	year = {2008},
	school = {Universit{\"a}t T{\"u}bingen},
	type = {Dissertation}
}

@PhDThesis{RWerner2011,
	author = {Robert Werner},
	title  = {Magnetic Tunnel Junctions and Superconductor/Ferromagnet Hybrids Investigated by Low-Temperature Scanning Laser Microscopy},
	year = {2011},
	school = {Universit{\"a}t T{\"u}bingen},
	type = {Dissertation}
}

@PhDThesis{FRohlfing2007,
	author = {Franziska Rohlfing},
	title  ={Induzierte Supraleitung in Nb/InAs-Hybridstrukturen in parallelen und senkrechten Magnetfeldern},
	year = {2007},
	school = {Universit{\"a}t Regensburg},
	type = {Dissertation}
}

@misc{wikiAndreev,
	author = {Wikimedia},
	title = {Graphik zur Andreev-Reflektion von Ilmari Karonen},
	year = {2006},
	note = {\href{http://en.wikipedia.org/wiki/File:Andreev\_reflection.svg}{http://en.wikipedia.org/wiki/File:Andreev\_reflection.svg}}
}

@misc{wikiWurtzit,
	author = {Wikimedia},
	title = {Darstellung eines Wurtzit-Gitters von ">Solid State"<},
	year = {2008},
	note = {\href{http://upload.wikimedia.org/wikipedia/commons/8/8e/Wurtzite\_polyhedra.png}{http://upload.wikimedia.org/wikipedia/commons/8/8e/{ }Wurtzite\_polyhedra.png}}
}

@misc{wiki,
	author = {Wikimedia},
	title = {Praktikumsthema},
	year = {2013},
	note = {Wikipediaeintrag als Grundlage für einen ersten, allgemeinen Überblick}
}

@misc{enwiki,
	author = {Wikimedia},
	title = {Title of the experiment},
	year = {2013},
	note = {Article on wikipedia for first and very basic informations}
}


@misc{wikiMoseley,
	author = {Wikimedia},
	title = {Moseley'sches Gesetz},
	year = {2012},
	note = {\href{http://de.wikipedia.org/wiki/Moseleysches\_Gesetz}{http://de.wikipedia.org/wiki/Moseleysches\_ Gesetz}}
}

@PhDThesis{MFlokstra2010,
	author = {Machiel Geert Flokstra},
	title = {Proximity effects in superconducting spin-valve structures},
	year = {2010},
	school = {Leiden University},
	type = {Doctoral thesis}
}

@Article{DAMuller2009,
	author = {David A. Muller},
	title = {Structure and bonding at the atomic scale by scanning transmission electron microscopy},
	year = {2009},
	journal = {Nature Materials},
	volume = 8,
	pages = {263--270}
}

@Article{MHaider1998,
	author = {Maximilian Haider and others},
	title = {Electron microscopy image enhanced},
	year = {1998},
	journal = {Nature},
	volume = {392},
	pages = {768--769}
}

@Article{DAMuller2008,
	author = {David A. Muller and others},
	title = {Atomic-Scale Chemical Imaging of Composition and Bonding by Aberration-Corrected Microscopy},
	year = {2008},
	journal = {Science},
	volume = {319},
	pages = {1073--1076}
}

@Article{PMVoyles2002,
	author = {Paul M. Voyles and others},
	title = {Atomic-scale imaging of individual dopant atoms and clusters in highly $n$-type bulk Si},
	year = {2002},
	journal = {Nature},
	volume = {416},
	pages = {826--829}
}

@Article{MRCastell2003,
	author = {Martin R. Castell and others},
	title = {Dopant mapping for the nanotechnology age},
	year = {2003},
	journal = {Nature Materials},
	volume = 2,
	pages = {129--131}
}

@Manual{TEM_Prakt,
	address = {Universit{\"a}t T{\"u}bingen},
	author = {Zainul Aabdin},
	organization = {Institut für Angewandte Physik},
	title = {Instructions for F-practicals nanotechnology >>Transmission Electron Microscope<<},
	year = {2010}
}

@Manual{FEIProdDataTitan,
	address = {Hillsboro, 97124 Oregon (US)},
	author = {FEI},
	title = {Product Data ">Titan G2 60-300"< (S/TEM)},
	year = {2009}
}

@Manual{REM_Prakt,
	address = {Universit{\"a}t T{\"u}bingen},
	author = {G{\"u}nter Bertsche},
	organization = {Institut für Angewandte Physik},
	title = {Praktikumsanleitung ">Rasterelektronenmikroskop mit EDX"<},
	year = {2008}
}

@Book{LReimer1998,
	author = {Ludwig Reimer},
	title = {Scanning Electron Microscopy},
	edition = {2. Auflage},
	publisher = {Springer Science and Business Media},
	year = {1998}
}

@Manual{ELS_Prakt,
	author = {D{\"u}rrschnabel, Michael},
	address = {Universit{\"a}t T{\"u}bingen},
	organization = {Institut für Angewandte Physik},
	title = {Praktikumsanleitung ">Elektronensonde"<},
	year = {2012}
}

@Manual{N_Prakt_REM,
	title = {Protokoll zum Nanopraktikum ">Ras\-ter\-e\-lek\-tro\-nen\-mik\-ros\-kop mit EDX"<},
	author = {Erik H{\"a}nel and Jakob Marquardt and Jessica Uribe},
	year = {2012},
	address = {Universit{\"a}t T{\"u}bingen},
	note = {Theorie des Protokolls als Grundlage f{\"u}r diese Ausarbeitung.}
}

@Manual{N_Prakt_ELS,
	title = {Protocol for the experiment >>Electron Probe<<},
	author = {Erik H{\"a}nel and Jakob Marquardt},
	year  = {2013},
	address = {Universit{\"a}t T{\"u}bingen},
	note = {Basic theoretical aspects about electron optics},
	edition = {1st version.}
}

@Manual{EPlies2004,
	title = {Elektronenphysik I},
	author = {Erich Plies},
	year = {2004},
	address = {Universit{\"a}t T{\"u}bingen},
	organization = {Institut für Angewandte Physik},
	note = {Skriptum zur Vorlesung}
}

@Manual{EPlies2005,
	title = {Elektronenphysik II},
	author = {Erich Plies},
	year = {2005},
	address = {Universit{\"a}t T{\"u}bingen},
	organization = {Institut für Angewandte Physik},
	note = {Skriptum zur Vorlesung}
}

@Manual{SOZ_Prakt,
	author = {Christopher Lorch},
	address = {Universit{\"a}t T{\"u}bingen},
	organization = {Institut für Angewandte Physik},
	title = {Praktikumsanleitung ">Solarzelle"<},
	year = {2012}
}

@Manual{DFS_Prakt,
	author = {Monika Fleischer},
	address = {Universität Tübingen},
	organization = {Institut für Angewandte Physik},
	title = {Praktikumsanleitung ">Dunkelfeld-Streuung an Nanopartikeln"<}
}

@Article{Krenn_Aussenegg2002,
	author = {Joachim R. Krenn and Franz R. Aussenegg},
	title = {Nanooptik mit metallischen Strukturen},
	year = 2002,
	journal = {Physik Journal},
	volume = 1,
	number = 3,
	pages = {39--45}
}

@Article{Temnov_Woggon2010,
	author = {Vasily V. Temnov and Ulrike Woggon},
	title = {Nanoplasmonik in Hybridstrukturen},
	year = 2010,
	journal = {Physik Journal},
	volume = 9,
	number = 6,
	pages = {45--50},
}

@PhDThesis{POlk2008,
	author = {Phillip Olk},
	title = {Optical Properties of Individual Nano-Sized Gold Particle Pairs -- Mie-Scattering, Flourescence and Raman-Scattering},
	year = {2008},
	school = {TU Dresden},
	type = {Doktorarbeit}
}

@misc{mieplot,
	author = {Philip Laven},
	title = {Mieplot},
	year = {2013},
	note = {Simulationssoftware zur \textsc{Mie}-Streuung},
	howpublished = {\href{http://www.philiplaven.com/mieplot.htm}{http://www.philiplaven.com/mieplot.htm}}
}

@phdthesis{SDiebold2010,
	author = {Sebastian Diebold},
	title = {Bestimmung der Stöchiometrie supraleitender Proben mittels Rutherford-Rückstreu-Spektrometrie},
	year = {2010},
	school = {Universität Tübingen},
	type = {Diplomarbeit}
}

@misc{Nuklidkarte2006,
	title = {Karlsruher Nuklidkarte},
	year = {2006},
	edition = {7. Auflage},
	institute = {Institut für Radiochemie},
	author = {{Kernforschungszentrum Karlsruhe GmbH}}
}

@book{GSchatz1992,
	title = {Nukleare Festkörperphysik},
	author = {Günter Schatz and Alois Weidinger},
	year = {1992},
	edition = {2. Auflage},
	publisher = {Teubner, Stuttgart}
}

@Manual{RMeier,
	author={Rudolf Meier},
	title={Kernphysikalisches Praktikum},
	address={Universität Tübingen}
}

@Misc{WQ2013,
	title = {Wirkungsquerschnitt-Abbildung},
	author = {D. Weiss},
	howpublished = {\href{http://user.uni-frankfurt.de/~dweiss/LaTeX2HTML/Atom/img155.gif}{http://user.uni-frankfurt.de/(\ldots)/img155.gif}},
	year = {2013}
}

@misc{Streuung2013,
	title = {Abbildung zur Streuung},
	author = {Wikimedia},
	howpublished = {\href{https://commons.wikimedia.org/wiki/File:Rutherford-scattering-atom\_de.svg}{https://commons.wikimedia.org/wiki/File:Ru\-ther\-ford-scat\-te\-ring-atom\_de.svg}},
	year = 2013
}

@misc{Rutherford2013,
	author = {Markus Bertl},
	title = {Rutherford's Aufbau},
	howpublished = {\href{http://bertlnetz.de/chemie/bilder/rustr\_gr.png}{http://bertlnetz.de/\-(\ldots)/rustr\_gr.png}},
	year = 2013
}

@book{ATressaud2006,
	title = {Flourine and the Environment: Agrochemicals, Archaeology, Green Chemistry \& Water},
	editor = {Alain Tressaud},
	year = 2006,
	note = {S. 218}
}

@book{LISchiff1968,
	title = {Quantum Mechanics},
	author = {Leonard I. Schiff},
	year = 1968,
	publisher = {McGraw-Hill}
}

@misc{Simnra2011,
	title = {SIMNRA 6.06},
	author = {Matej Mayer and {Max-Planck-Institut für Plasmaphysik}},
	year = 2011,
	howpublished = {\href{http://home.rzg.mpg.de/~mam/index.html}{http://home.rzg.mpg.de/(\ldots)/index.html}}
}

@book{MBestehorn2006,
	title = {Hydrodynamik und Strukturbildung},
	author = {Michael Bestehorn},
	year = 2006,
	publisher = {Springer}
}

@article{JRother2014,
	title = {Atomic force mi\-cro\-sco\-py-based microrheology reveals significant differences in the viscoelastic response between malign and benign cell lines},
	author = {Jan Rother and Helen Nöding and Ingo Mey and Andreas Hanshoff},
	year = 2014,
	journal = {Open Biology},
	volume = 4,
	number = 5,
	pages = 140046,
	publisher = {Royal Society Journals}
}

@article{JAlcaraz2003,
	title = {Microrheology of human lung epithelial cells measured by atomic force microscopy},
	author = {Jordi Alcaraz and Lara Buscemi and Mireia Grabulosa and Xavier Trepat and Ben Fabry and Ramon Farré and Daniel Navajas},
	year = 2003,
	journal = {Biophysical Journal},
	volume = 84,
	number = 3,
	pages = {2071--2079},
	publisher = {Elsevier}
}

@article{JAlcaraz2002,
	title = {Correction of Microrheological Measurements of Soft Samples with Atomic Force Microscopy for the Hydrodynamic Drag in the Cantilever},
	author = {Jordi Alcaraz and Lara Buscemi and M. Puig-de-Morales and J. Colchero and A. Baró and Daniel Navajas},
	year = 2002,
	journal = {Langmuir},
	volume = 18,
	pages = {716--721}
}

@article{CBraunsmann2014,
	title = {High-speed force mapping on living cells with a small cantilever atomic force microscope},
	author = {Christoph Braunsmann and Jan Seifert and Johannes Rheinlaender and Tilman E. Schäffer},
	year = 2014,
	journal = {Review of Scientific Instruments},
	volume = 85,
	pages = 073703
}

@article{RMahaffy2004,
	title = {Quantitative Analysis of the Viscoelastic Properties of Thin Regions of Fibroblasts Using Atomic Force Microscopy},
	author = {R. E. Mahaffy and S. Park and E. Gerde and J. Käs and C. K. Shih},
	year = 2004,
	journal = {Biophysical Journal},
	volume = 86,
	number = 3,
	pages = {1777--1793},
	publisher = {Elsevier}
}

@article{GBinnig1982,
	title = {Tunneling through a controllable Vacuum Gap},
	author = {Gerd Binnig and Heinrich Rohrer and Christoph Gerber and Eddie Weibel},
	year = 1982,
	journal = {Applied Physics Letter},
	volume = 40,
	number= 2,
	pages={178-180},
	publisher={AIP Publishing}
}

@article{GBinnig1986,
	title = {Atomic Force Microscope},
	author = {Gerd Binnig and Calvin F. Quate and Christoph Gerber},
	year = 1986,
	journal = {Physical Review Letters},
	volume = 56,
	number = 9,
	pages = {930--933},
	publisher={American Physical Society}
 }

@misc{NumeRe,
	title = {\mbox{NumeRe}: Frame\-work für Numerische Rechnungen v1.0.7 ">Bose"<},
	author = {Erik Hänel and Alexey A. Balakin and Ingo Berg and Joe Coder},
	year = 2015,
	howpublished = {\href{https://sites.google.com/site/numereframework}{https://si\-tes.google.com/site/nu\-me\-re\-frame\-work}}
}

@misc{Scanimator,
	title = {Scanimator v0.978},
	author = {Tilman E. Schäffer and Stefan Vinzelberg},
	year = 2014,
}

@misc{IgorPro,
	title={Igor Pro v6.36},
	author={{WaveMetrics Inc.}},
	address={Lake Oswego, USA},
	year=2015
}

@book{WardSweeny2004,
	title={An Introduction to the Mechanical Properties of Solid Polymers},
	author={Ian Macmillan Ward and John Sweeny},
	year=2004,
	publisher={John Wiley \& Sons}
}

@book{Johnson1985,
	title={Contact Mechanics},
	author={Kenneth Langstreth Johnson},
	year=1985,
	publisher={Cambridge University Press}
}

@book{Ferry1980,
	title={Viscoelastic Properties of Polymers},
	author={John D. Ferry},
	year=1980,
	publisher={John Wiley \& Sons}
}

@manual{Roylance2001,
	title={Engineering Viscoelasticity},
	author={David Roylance},
	year=2001,
	organization={Department of Materials Science and Engineering},
	address={Massachusetts Institute of Technology}
}

@article{Hansma1989,
	title={The scanning ion conductance microscope},
	author={P. K. Hansma and B. Drake and O. Marti and S. A. C. Gould and C. B. Prater},
	year=1989,
	journal={Science},
	volume=243,
	numer=4891,
	pages={641--643},
	publisher={American Association for the Advancement of Science}
}

@article{Balland2006,
	title={Power Laws in microrheology experiments on living cells: Comparative analysis and modeling},
	author={Martial Balland and Nicolas Desprat and Delphine Icard and Sophie Féréol and Atef Asnacios and Julien Browaeys and Sylvie Hénon and François Gallet},
	year=2006,
	journal={Physical Review},
	volume=74,
	number=2,
	pages=021911,
	publisher={American Physical Society}
}

@phdthesis{CBraunsmann2014a,
	title={Nanomechanik mit Hochgeschwindigkeitsrasterkraftmikroskopie},
	author={Christoph Braunsmann},
	year=2014,
	school={Universität Tübingen},
	type={Doktorarbeit}
}

@article{Hertz1881,
	title={Über die Berührung fester elastischer Körper},
	author={Heinrich Hertz},
	year=1881,
	journal={Journal für die reine und angewandte Mathematik},
	volume=92,
	pages={156--171},
	number=2
}

@article{Sneddon1965,
	title={The relation between load and the penetration in the axisymmetric boussinesq problem for a punch of arbitrary profile},
	author={Ian N. Sneddon},
	year=1965,
	journal={International Journal of Engineering Science},
	volume=3,
	number=1,
	pages={47--57}
}

@mastersthesis{ATobisch2010,
	title={Entwicklung eines AFM-Messkopfes für kleine Federbalken},
	author={Alexander Tobisch},
	year=2010,
	school={Friedrich-Alexander-Universität Erlangen},
	type={Diplomarbeit}
}

@mastersthesis{JSeifert2011,
	title={Rasterionenleitfähigkeitsmikroskopie an lebenden Zellen},
	author={Jan Seifert},
	year=2011,
	school={Friedrich-Alexander-Universität Erlangen},
	type={Diplomarbeit}
}
	
@article{YJiao2004,
	title={Accurate Height and Volume Measurements on Soft Samples with the Atomic Force Microscope},
	author={Yuekan Jiao and Tilman E. Schäffer},
	year=2004,
	journal={Langmuir},
	volume=20,
	number=23,
	pages={10038--10045}
}
	
@book{UtrackiJamieson2011,
	title={Polymer Physics: From Suspensions to Nanocomposites and Beyond},
	author={Leszek A. Utracki and Alexander M. Jamieson},
	year=2011,
	publisher={John Wiley \& Sons}
}

@book{OBeucher2015,
	title={Signale und Systeme: Theorie, Simulation, Anwendung},
	author={Ottmar Beucher},
	year=2015,
	publisher={Springer}
}

@manual{EHaenel2015,
	title={\LaTeX\ für Naturwissenschaftler -- Eine Einführung in die markup-orientierte Textverarbeitung},
	author={Erik Hänel},
	address={Universität Tübingen},
	year=2015
}

@misc{FlourescentCells,
	title={Endothelzellen unter dem Mikroskop},
	note={Abgerufen am 16. Mai, 10:35},
	howpublished={\href{http://upload.wikimedia.org/wikipedia/commons/0/09/FlourescentCells.jpg}{up\-load.wiki\-me\-dia.org/com\-mons/0/09/Flou\-rescent\-Cells.jpg}},
	author={Wikipedia},
	year=2015
}

@misc{WikiSilicium,
	title={Silicium},
	note={Abgerufen am 17. Mai, 12:28},
	howpublished={\href{http://de.wikipedia.org/wiki/silicium}{de.wikipedia.org/wiki/Silicium}},
	author={Wikipedia},
	year=2015
}

@misc{WikiThrombozyt,
	title={Thrombozyt},
	note={Abgerufen am 21. Juli, 15:35},
	howpublished={\href{http://de.wikipedia.org/wiki/thrombozyt}{de.wikipedia.org/wiki/Thrombozyt}},
	author={Wikipedia},
	year=2015
}

@misc{WikiGlas,
	title={Glas},
	note={Abgerufen am 17. Juli, 19:01},
	howpublished={\href{http://de.wikipedia.org/wiki/Glas}{de.wikipedia.org/wiki/Glas}},
	author={Wikipedia},
	year=2015
}

@misc{WikiChi2,
	title={Chi-Quadrat-Verteilung},
	note={Abgerufen am 06. August, 11:36},
	howpublished={\href{http://de.wikipedia.org/wiki/Chi-Quadrat-Verteilung}{de.wikipedia.org/wiki/Chi-Quadrat-Verteilung}},
	author={Wikipedia},
	year=2015
}

@misc{WikiChirp,
	title={Chirp},
	note={Abgerufen am 23. August, 09:45},
	howpublished={\href{http://de.wikipedia.org/wiki/Chirp}{de.wikipedia.org/wiki/Chirp}},
	author={Wikipedia},
	year=2015
}

@article{PAsbach2008,
	title={Assessment of Liver Viscoelasticity Using Multifrequency MR Elastography},
	author={Patrick Ansbach and Dieter Klatt and Uwe Hamhaber and Jürgen Braun and Rajan Somasundaram and Bernd Hamm and Ingolf Sack},
	year=2008,
	journal={Magnetic Rensonance in Medicine},
	volume=60,
	pages={373--379},
	publisher={Wiley}
}

@article{ARigato2015,
	title={Atomic Force Microscopy Mechanical Mapping of Micropatterned Cells Shows Adhesion Geometry-Dependent Mechanical Response on Local and Global Scales},
	author={Annafrancesca Rigato and Felix Rico and Frédéric Eghiaian and Mathieu Piel and Simon Scheuring},
	year=2015,
	journal={ACSNano},
	volume=9,
	number=6,
	pages={5846--5856},
	publisher={American Chemical Society}
}

@article{ANievergelt2014,
	title={High-Frequency multimodal atomic force microscopy},
	author={Adrian P. Nievergelt and Jonathan D. Adams and Pascal D. Odermatt and Georg E. Fantner},
	year=2014,
	journal={Beilstein Journal of Nanotechnology},
	volume=5,
	pages={2459--2467},
	publisher={Beilstein Institute}
}

@article{SJesse2007,
	title={The band excitation method in scanning probe microscopy for rapid mapping of energy dissipation on the nanoscale},
	author={Stephen Jesse and Sergej V. Kalinin and Roger Proksch and A. P. Baddorf and B. J. Rodriguez},
	year=2007,
	journal={Nanotechnology},
	volume=18,
	pages={1--9},
	publisher={IOP Publishing}
}

@article{FHecht2015,
	title={Imaging viscoelastic properties of live cells by AFM: power-law rheology on the nanoscale},
	author={Fabian M. Hecht and Johannes Rheinlaender and Nicolas Schierbaum and Wolfgang H. Goldmann and Ben Fabry and Tilman E. Schäffer},
	year=2015,
	journal={Soft Matter},
	volume=11,
	pages={4584--4591},
	publisher={Royal Society of Chemistry}
}

@book{PollardEarnshaw2002,
	title={Cell Biology},
	author={Thomas D. Pollard and William C. Earnshaw},
	year=2002,
	edition=1,
	publisher={Saunders}
}

@book{LCohen1992,
	title={Time-frequency Analysis},
	author={Leon Cohen},
	year=1995,
	publisher={Prentice Hall}
}

@book{MMeyer2014,
	title={Signalverarbeitung: Analoge und digitale Signale, Systeme und Filter},
	author={Martin Meyer},
	year=2014,
	publisher={Springer}
}

@book{OhmLueke2007,
	title={Signalübertragung: Grundlagen der digitalen und analogen Nachrichtenübertragungssysteme},
	author={Jens-Rainer Ohm and Hans Dieter Lüke},
	year=2007,
	publisher={Springer}
}

